@article{unknown,
    title = {{Quantum cryptography: Public key distribution and coin tossing}},
    year = {1984},
    journal = {Theoretical Computer Science - TCS},
    author = {H. Bennett, Charles and Brassard, Gilles},
    pages = {175--179},
    volume = {560}
}

@article{ShenoyHejamadi2017QuantumBeyond,
    title = {{Quantum Cryptography: Key Distribution and Beyond}},
    year = {2017},
    journal = {Quanta},
    author = {ShenoyHejamadi, A and Pathak, A and Radhakrishna, S and Kak, S and Qureshi, T and Georgiev, D},
    number = {1},
    pages = {1--47},
    volume = {6},
    url = {https://arxiv.org/pdf/1802.05517.pdf},
    doi = {10.12743/quanta.v6i1.57}
}

@inproceedings{ShorAlgorithmsFactoring,
    title = {{Algorithms for quantum computation: discrete logarithms and factoring}},
    booktitle = {Proceedings 35th Annual Symposium on Foundations of Computer Science},
    author = {Shor, P.W.},
    pages = {124--134},
    publisher = {IEEE Comput. Soc. Press},
    url = {http://ieeexplore.ieee.org/document/365700/},
    isbn = {0-8186-6580-7},
    doi = {10.1109/SFCS.1994.365700}
}

@article{Bennett2014QuantumTossing,
    title = {{Quantum cryptography: Public key distribution and coin tossing}},
    year = {2014},
    journal = {Theoretical Computer Science},
    author = {Bennett, Charles H and Brassard, Gilles},
    pages = {7--11},
    volume = {560},
    url = {www.elsevier.com/locate/tcs},
    doi = {10.1016/j.tcs.2014.05.025}
}

@article{Bennett1992ExperimentalCryptography,
    title = {{Experimental quantum cryptography}},
    year = {1992},
    journal = {Journal of Cryptology},
    author = {Bennett, CharlesH. and Bessette, Fran�ois and Brassard, Gilles and Salvail, Louis and Smolin, John},
    number = {1},
    pages = {3--28},
    volume = {5},
    publisher = {Springer-Verlag},
    url = {http://link.springer.com/10.1007/BF00191318},
    doi = {10.1007/BF00191318},
    issn = {0933-2790}
}

@article{Diamanti2016PracticalDistribution,
    title = {{Practical challenges in quantum key distribution}},
    year = {2016},
    journal = {npj Quantum Information},
    author = {Diamanti, Eleni and Lo, Hoi-Kwong and Qi, Bing and Yuan, Zhiliang},
    number = {1},
    month = {11},
    pages = {16025},
    volume = {2},
    publisher = {Nature Publishing Group},
    url = {http://www.nature.com/articles/npjqi201625},
    doi = {10.1038/npjqi.2016.25},
    issn = {2056-6387},
    keywords = {Fibre optics and optical communications, Quantum information}
}

@article{Singh2014QuantumReview,
    title = {{Quantum Key Distribution Protocols: A Review}},
    year = {2014},
    journal = {IOSR Journal of Computer Engineering Ver. XI},
    author = {Singh, Hitesh and Gupta, D L and Singh, A K},
    number = {2},
    pages = {1--9},
    volume = {16},
    url = {www.iosrjournals.org}
}

@article{Bedington2017ProgressDistribution,
    title = {{Progress in satellite quantum key distribution}},
    year = {2017},
    journal = {npj Quantum Information},
    author = {Bedington, Robert and Arrazola, Juan Miguel and Ling, Alexander},
    number = {1},
    month = {12},
    pages = {30},
    volume = {3},
    publisher = {Nature Publishing Group},
    url = {http://www.nature.com/articles/s41534-017-0031-5},
    doi = {10.1038/s41534-017-0031-5},
    issn = {2056-6387},
    keywords = {Classical and Quantum Gravitation, Physics, Quantum Computing, Quantum Field Theories, Quantum Information Technology, Quantum Physics, Relativity Theory, Spintronics, String Theory, general}
}

@book{Fox2006QuantumIntroduction,
    title = {{Quantum optics : an introduction}},
    year = {2006},
    author = {Fox, Mark (Anthony Mark)},
    pages = {378},
    publisher = {Oxford University Press},
    isbn = {9780198566731}
}

@article{Wootters1982ACloned,
    title = {{A single quantum cannot be cloned}},
    year = {1982},
    journal = {Nature},
    author = {Wootters, W. K. and Zurek, W. H.},
    number = {5886},
    month = {10},
    pages = {802--803},
    volume = {299},
    publisher = {Nature Publishing Group},
    url = {http://www.nature.com/articles/299802a0},
    doi = {10.1038/299802a0},
    issn = {0028-0836}
}

@book{Nielsen2010QuantumInformation,
    title = {{Quantum computation and quantum information}},
    year = {2010},
    author = {Nielsen, Michael A. and Chuang, Isaac L.},
    pages = {676},
    publisher = {Cambridge University Press},
    isbn = {1107002176}
}

@article{Senellart2017High-performanceSources,
    title = {{High-performance semiconductor quantum-dot single-photon sources}},
    year = {2017},
    journal = {Nature Nanotechnology},
    author = {Senellart, Pascale and Solomon, Glenn and White, Andrew},
    number = {11},
    month = {11},
    pages = {1026--1039},
    volume = {12},
    publisher = {Nature Publishing Group},
    url = {http://www.nature.com/doifinder/10.1038/nnano.2017.218},
    doi = {10.1038/nnano.2017.218},
    issn = {1748-3387}
}

@book{Saleh2007FundamentalsPhotonics,
    title = {{Fundamentals of photonics}},
    year = {2007},
    author = {Saleh, Bahaa E. A. and Teich, Malvin Carl},
    pages = {1177},
    publisher = {Wiley-Interscience},
    isbn = {0471358320}
}

@book{Iizuka2002ElementsMedia,
    title = {{Elements of Photonics, Volume I: In Free Space and Special Media}},
    year = {2002},
    author = {Iizuka, K.},
    pages = {664}
}

@book{Foot2005AtomicPhysics,
    title = {{Atomic physics}},
    year = {2005},
    author = {Foot, C. J.},
    pages = {331},
    publisher = {Oxford University Press},
    url = {https://global.oup.com/ukhe/product/atomic-physics-9780198506966?cc=gb&lang=en&},
    isbn = {9780198506966}
}

@article{Kitching2011AtomicReview,
    title = {{Atomic Sensors – A Review}},
    year = {2011},
    journal = {IEEE SENSORS JOURNAL},
    author = {Kitching, John and Knappe, Svenja and Donley, Elizabeth A},
    number = {9},
    volume = {11},
    url = {https://tf.nist.gov/general/pdf/2502.pdf},
    doi = {10.1109/JSEN.2011.2157679},
    keywords = {Index Terms—Atomic spectroscopy, inertial sensor, magnetometry}
}

@inproceedings{Kitching2008MicrofabricatedApplications,
    title = {{Microfabricated atomic magnetometers and applications}},
    year = {2008},
    booktitle = {2008 IEEE International Frequency Control Symposium},
    author = {Kitching, John and Knappe, Svenja and Shah, Vishal and Schwindt, Peter and Griffith, Clark and Jimenez, Ricardo and Preusser, Jan and Liew, L.-A. and Moreland, J.},
    month = {5},
    pages = {789--794},
    publisher = {IEEE},
    url = {http://ieeexplore.ieee.org/document/4623107/},
    isbn = {978-1-4244-1794-0},
    doi = {10.1109/FREQ.2008.4623107}
}

@article{Jani2007TimingCircuitry,
    title = {{Timing resolution (FWHM) of some photon counting detectors and electronic circuitry}},
    year = {2007},
    journal = {Meas. Sci. Technol},
    author = {Jani, P and V{\'{a}}mos, L and Nemes, T},
    pages = {155--160},
    volume = {18},
    url = {https://www.idquantique.com/wordpress/wp-content/uploads/id100-paper-Jani.pdf},
    doi = {10.1088/0957-0233/18/1/019},
    keywords = {APD, photon counting detectors, timing resolution}
}